<record><leader>00000cas a22000007a 4500</leader><controlfield tag="001">40731595</controlfield><controlfield tag="008">990204c19uu9999mouwr ne      0   a0eng c</controlfield><datafield ind1=" " ind2=" " tag="010"><subfield code="a">sn 99003332 </subfield></datafield><datafield ind1=" " ind2=" " tag="040"><subfield code="a">NSD</subfield><subfield code="b">eng</subfield><subfield code="c">NSD</subfield><subfield code="d">CUS</subfield><subfield code="d">NSD</subfield><subfield code="d">OCLCQ</subfield><subfield code="d">OCLCF</subfield></datafield><datafield ind1=" " ind2=" " tag="012"><subfield code="j">0</subfield><subfield code="m">1</subfield></datafield><datafield ind1="1" ind2=" " tag="022"><subfield code="a">1523-6358</subfield><subfield code="l">1523-6358</subfield><subfield code="2">1</subfield></datafield><datafield ind1="1" ind2=" " tag="029"><subfield code="a">AU@</subfield><subfield code="b">000014546445</subfield></datafield><datafield ind1="1" ind2=" " tag="029"><subfield code="a">NZ1</subfield><subfield code="b">16075778</subfield></datafield><datafield ind1=" " ind2=" " tag="032"><subfield code="a">400660</subfield><subfield code="b">USPS</subfield></datafield><datafield ind1=" " ind2=" " tag="042"><subfield code="a">nsdp</subfield><subfield code="a">pcc</subfield></datafield><datafield ind1=" " ind2=" " tag="043"><subfield code="a">n-us-mo</subfield></datafield><datafield ind1=" " ind2=" " tag="090"><subfield code="a">AN</subfield></datafield><datafield ind1=" " ind2="0" tag="222"><subfield code="a">St. Charles County business record</subfield></datafield><datafield ind1="0" ind2="0" tag="245"><subfield code="a">St. Charles County business record.</subfield></datafield><datafield ind1="3" ind2=" " tag="246"><subfield code="a">Saint Charles County business record</subfield></datafield><datafield ind1=" " ind2=" " tag="260"><subfield code="a">Wentzville, Mo. :</subfield><subfield code="b">Legal Communications</subfield></datafield><datafield ind1=" " ind2=" " tag="300"><subfield code="a">v.</subfield></datafield><datafield ind1=" " ind2=" " tag="310"><subfield code="a">Weekly</subfield></datafield><datafield ind1=" " ind2=" " tag="515"><subfield code="a">Issues for &lt;Apr. 27, 2001-&gt; numbered &lt;vol. 50-&gt; taking on the numbering used by the Courier post.</subfield></datafield><datafield ind1=" " ind2=" " tag="588"><subfield code="a">Description based on: Vol. 108, no. 1 (Jan. 1, 1999).</subfield></datafield><datafield ind1=" " ind2="0" tag="651"><subfield code="a">Saint Charles County (Mo.)</subfield><subfield code="v">Newspapers.</subfield></datafield><datafield ind1=" " ind2="7" tag="655"><subfield code="a">Newspapers.</subfield><subfield code="2">fast</subfield><subfield code="0">(OCoLC)fst01423814</subfield></datafield><datafield ind1=" " ind2="7" tag="651"><subfield code="a">Missouri</subfield><subfield code="z">Saint Charles County.</subfield><subfield code="2">fast</subfield><subfield code="0">(OCoLC)fst01216221</subfield></datafield><datafield ind1=" " ind2=" " tag="752"><subfield code="a">United States</subfield><subfield code="b">Missouri</subfield><subfield code="c">Saint Charles</subfield><subfield code="d">Wentzville.</subfield></datafield><datafield ind1="0" ind2="8" tag="776"><subfield code="i">Online version:</subfield><subfield code="t">St. Charles County business record (Online)</subfield><subfield code="w">(OCoLC)61313821</subfield></datafield><datafield ind1="0" ind2="0" tag="780"><subfield code="t">Wentzville union and St. Charles county record</subfield><subfield code="x">0199-252X</subfield><subfield code="w">(DLC)sn 79007771</subfield></datafield><datafield ind1="0" ind2="5" tag="780"><subfield code="t">Courier post (Saint Charles, Mo.)</subfield><subfield code="x">1079-1639</subfield><subfield code="w">(DLC)sn 94004081</subfield></datafield></record>